<record><leader>00000cas a22000007a 4500</leader><controlfield tag="001">4123706</controlfield><controlfield tag="008">780809c18759999ohuwr ne      0   a0eng d</controlfield><datafield ind1=" " ind2=" " tag="010"><subfield code="a">sn 78005590 </subfield></datafield><datafield ind1=" " ind2=" " tag="040"><subfield code="a">HUL</subfield><subfield code="b">eng</subfield><subfield code="c">HUL</subfield><subfield code="d">NSD</subfield><subfield code="d">ONP</subfield><subfield code="d">OCLCQ</subfield><subfield code="d">KRTAS</subfield><subfield code="d">OCLCQ</subfield><subfield code="d">OCLCF</subfield><subfield code="d">OCLCO</subfield></datafield><datafield ind1=" " ind2=" " tag="012"><subfield code="k">1</subfield><subfield code="m">1</subfield></datafield><datafield ind1="1" ind2=" " tag="022"><subfield code="a">0029-7526</subfield><subfield code="l">0029-7526</subfield><subfield code="2">1</subfield></datafield><datafield ind1="1" ind2=" " tag="029"><subfield code="a">AU@</subfield><subfield code="b">000025832146</subfield></datafield><datafield ind1=" " ind2=" " tag="032"><subfield code="a">401640</subfield><subfield code="b">USPS</subfield></datafield><datafield ind1=" " ind2=" " tag="042"><subfield code="a">nsdp</subfield><subfield code="a">msc</subfield></datafield><datafield ind1=" " ind2="4" tag="222"><subfield code="a">The Oberlin review</subfield></datafield><datafield ind1="0" ind2="4" tag="245"><subfield code="a">The Oberlin review.</subfield></datafield><datafield ind1=" " ind2=" " tag="260"><subfield code="a">Oberlin [Ohio] :</subfield><subfield code="b">The Union Library Association,</subfield><subfield code="c">1875-</subfield></datafield><datafield ind1=" " ind2=" " tag="300"><subfield code="a">v.</subfield></datafield><datafield ind1=" " ind2=" " tag="310"><subfield code="a">Weekly,</subfield><subfield code="b">Apr. 27, 1984-</subfield></datafield><datafield ind1=" " ind2=" " tag="321"><subfield code="a">Semimonthly,</subfield><subfield code="b">Feb. 24, 1875-June 25, 1889</subfield></datafield><datafield ind1=" " ind2=" " tag="321"><subfield code="a">Weekly,</subfield><subfield code="b">Sept. 24, 1889-Sept. 13, 1946</subfield></datafield><datafield ind1=" " ind2=" " tag="321"><subfield code="a">Semiweekly,</subfield><subfield code="b">Oct. 10, 1946-Apr. 13, 1984</subfield></datafield><datafield ind1="0" ind2=" " tag="362"><subfield code="a">Vol. 2, no. 1 (Feb. 24, 1875)-</subfield></datafield><datafield ind1=" " ind2="0" tag="650"><subfield code="a">College students</subfield><subfield code="z">Ohio</subfield><subfield code="v">Newspapers.</subfield></datafield><datafield ind1=" " ind2="0" tag="651"><subfield code="a">Oberlin (Ohio)</subfield><subfield code="v">Newspapers.</subfield></datafield><datafield ind1=" " ind2="0" tag="651"><subfield code="a">Lorain County (Ohio)</subfield><subfield code="v">Newspapers.</subfield></datafield><datafield ind1=" " ind2="7" tag="655"><subfield code="a">Newspapers.</subfield><subfield code="2">fast</subfield><subfield code="0">(OCoLC)fst01423814</subfield></datafield><datafield ind1=" " ind2="7" tag="650"><subfield code="a">College students.</subfield><subfield code="2">fast</subfield><subfield code="0">(OCoLC)fst00867976</subfield></datafield><datafield ind1=" " ind2="7" tag="651"><subfield code="a">Ohio.</subfield><subfield code="2">fast</subfield><subfield code="0">(OCoLC)fst01205075</subfield></datafield><datafield ind1=" " ind2="7" tag="651"><subfield code="a">Ohio</subfield><subfield code="z">Lorain County.</subfield><subfield code="2">fast</subfield><subfield code="0">(OCoLC)fst01228228</subfield></datafield><datafield ind1=" " ind2="7" tag="651"><subfield code="a">Ohio</subfield><subfield code="z">Oberlin.</subfield><subfield code="2">fast</subfield><subfield code="0">(OCoLC)fst01219718</subfield></datafield><datafield ind1=" " ind2=" " tag="752"><subfield code="a">United States</subfield><subfield code="b">Ohio</subfield><subfield code="c">Lorain</subfield><subfield code="d">Oberlin.</subfield></datafield><datafield ind1="0" ind2="0" tag="780"><subfield code="t">Oberlin College review</subfield><subfield code="w">(DLC)sn 91069167</subfield></datafield><datafield ind1="0" ind2="8" tag="776"><subfield code="i">Online version:</subfield><subfield code="t">Oberlin review</subfield><subfield code="w">(OCoLC)656883944</subfield></datafield><datafield ind1=" " ind2=" " tag="938"><subfield code="a">Kirtas Technologies, Inc.</subfield><subfield code="b">KRTS</subfield><subfield code="n">923267</subfield></datafield></record>